[gd_scene load_steps=8 format=3 uid="uid://dcitbosrca6qb"]

[ext_resource type="FontFile" uid="uid://xj4b8djbamxt" path="res://assets/OpenSans-CondBold.ttf" id="1_ipjsb"]
[ext_resource type="Script" path="res://player/game_over_menu.gd" id="2_gy480"]
[ext_resource type="Shader" uid="uid://c4gtqa6ov3cdv" path="res://player/game_over_menu.tres" id="3_bh42l"]

[sub_resource type="Theme" id="Theme_mtdcl"]
default_font = ExtResource("1_ipjsb")
default_font_size = 64

[sub_resource type="ShaderMaterial" id="ShaderMaterial_fja48"]
shader = ExtResource("3_bh42l")

[sub_resource type="PlaceholderTexture2D" id="PlaceholderTexture2D_6pkkd"]

[sub_resource type="LabelSettings" id="LabelSettings_08b2m"]
line_spacing = 96.0
font = ExtResource("1_ipjsb")
font_size = 96

[node name="GameOverMenu" type="Control"]
process_mode = 3
layout_mode = 3
anchors_preset = 15
anchor_right = 1.0
anchor_bottom = 1.0
grow_horizontal = 2
grow_vertical = 2
theme = SubResource("Theme_mtdcl")
script = ExtResource("2_gy480")

[node name="BackgroundBlur" type="TextureRect" parent="."]
material = SubResource("ShaderMaterial_fja48")
layout_mode = 1
anchors_preset = 15
anchor_right = 1.0
anchor_bottom = 1.0
grow_horizontal = 2
grow_vertical = 2
texture = SubResource("PlaceholderTexture2D_6pkkd")

[node name="CenterContainer" type="CenterContainer" parent="."]
layout_mode = 1
anchors_preset = 15
anchor_right = 1.0
anchor_bottom = 1.0
grow_horizontal = 2
grow_vertical = 2

[node name="VBoxContainer" type="VBoxContainer" parent="CenterContainer"]
custom_minimum_size = Vector2(512, 0)
layout_mode = 2

[node name="TitleLabel" type="Label" parent="CenterContainer/VBoxContainer"]
layout_mode = 2
text = "You are dead!"
label_settings = SubResource("LabelSettings_08b2m")
horizontal_alignment = 1

[node name="PlayAgainButton" type="Button" parent="CenterContainer/VBoxContainer"]
layout_mode = 2
text = "Play again"

[node name="QuitButton" type="Button" parent="CenterContainer/VBoxContainer"]
layout_mode = 2
text = "Quit"

[connection signal="pressed" from="CenterContainer/VBoxContainer/PlayAgainButton" to="." method="_on_play_again_button_pressed"]
[connection signal="pressed" from="CenterContainer/VBoxContainer/QuitButton" to="." method="_on_quit_button_pressed"]
